@inproceedings{UNET,
author = {Ronneberger, Olaf and Fischer, Philipp and Brox, Thomas},
year = {2015},
month = {10},
pages = {234-241},
title = {U-Net: Convolutional Networks for Biomedical Image Segmentation},
volume = {9351},
isbn = {978-3-319-24573-7},
journal = {LNCS},
doi = {10.1007/978-3-319-24574-4_28}
}

@article{UNET++,
  title={Unet++: A nested u-net architecture for medical image segmentation},
  author={Zhou, Zongwei and Siddiquee, Md Mahfuzur Rahman and Tajbakhsh, Nima and Liang, Jianming},
  booktitle={Deep learning in medical image analysis and multimodal learning for clinical decision support},
  pages={3--11},
  year={2018},
  journal={Springer}
}

@article{PracticalCovid19,
author = {Sanli, Deniz and Yildirim, Duzgun and Şanlı, Ahmet and Turkmen, Suha and Erozan, Neval and Husmen, Guray and Altundag, Aytug and Tuzuner, Filiz},
year = {2021},
month = {12},
pages = {},
title = {A practical approach to imaging characteristics and standardized reporting of COVID-19: a radiologic review},
volume = {8},
journal = {Military Medical Research},
doi = {10.1186/s40779-021-00301-y}
}

@article{Covid,
author = {Chen, Meizhu and tu, changli and Tan, Cuiyan and Zheng, Xiaobin and wang, xiaohua and wu, jian and Huang, Yiying and wang, zhenguo and yan, yan and li, zhonghe and Shan, Hong and Liu, Jing and huang, jin},
year = {2020},
month = {04},
pages = {},
title = {Key to successful treatment of COVID-19: accurate identification of severe risks and early intervention of disease progression},
doi = {10.1101/2020.04.06.20054890}
}

@article{Radiology_Findings,
author = {Shi, Heshui and Han, Xiaoyu and Jiang, Nanchuan and Cao, Yukun and Alwalid, Osamah and Gu, Jin and Fan, Yanqing and Zheng, Chuansheng},
year = {2020},
month = {02},
pages = {},
title = {Radiological findings from 81 patients with COVID-19 pneumonia in Wuhan, China: a descriptive study},
volume = {20},
journal = {The Lancet Infectious Diseases},
doi = {10.1016/S1473-3099(20)30086-4}
}

@article{Saood-2021,
author = {Saood, Adnan and Hatem, Iyad},
year = {2021},
month = {02},
pages = {},
title = {COVID-19 lung CT image segmentation using deep learning methods: U-Net versus SegNet},
volume = {21},
journal = {BMC Medical Imaging},
doi = {10.1186/s12880-020-00529-5}
}

@article{Fan-2020,
author = {Fan, Deng-Ping and Zhou, Tao and Ji, Ge-Peng and Zhou, Yi and Chen, Geng and Fu, Huazhu and Shen, Jianbing and Shao, Ling},
year = {2020},
month = {04},
pages = {},
title = {Inf-Net: Automatic COVID-19 Lung Infection Segmentation from CT Scans},
doi = {10.1101/2020.04.22.20074948}
}

@article{Dai-2020,
author = {Dai, Wei-cai and Zhang, Han-wen and Yu, Juan and Xu, Hua-jian and Chen, Huan and Luo, Si-ping and Zhang, Hong and Liang, Li-hong and Wu, Xiao-liu and Lei, Yi},
year = {2020},
month = {03},
pages = {084653712091303},
title = {CT Imaging and Differential Diagnosis of COVID-19},
volume = {71},
journal = {Canadian Association of Radiologists Journal},
doi = {10.1177/0846537120913033}
}

@article{Shan+,
author = {Shan+, Fei and Gao+, Yaozong and Wang, Jun and Shi, Weiya and Shi, Nannan and Han, Miaofei and Xue, Jon and Shen, Dinggang and Shi, Yuxin},
year = {2020},
month = {03},
pages = {},
title = {Lung Infection Quantification of COVID-19 in CT Images with Deep Learning}
}

@article{Dice-Score,
author = {Bertels, Jeroen and Eelbode, Tom and Berman, Maxim and Vandermeulen, Dirk and Maes, Frederik and Bisschops, Raf and Blaschko, Matthew},
year = {2019},
title = {Optimizing the Dice Score and Jaccard Index for Medical Image Segmentation: Theory & Practice},
  journal   = {CoRR},
  volume    = {abs/1911.01685},
  year      = {2019},
}

@inproceedings{UNET-2015,
author = {Ronneberger, Olaf and Fischer, Philipp and Brox, Thomas},
year = {2015},
month = {10},
pages = {234-241},
title = {U-Net: Convolutional Networks for Biomedical Image Segmentation},
volume = {9351},
isbn = {978-3-319-24573-7},
journal = {LNCS},
doi = {10.1007/978-3-319-24574-4_28}
}

@inproceedings{unet++-2018,
author = {Zhou, Zongwei and Rahman Siddiquee, Md Mahfuzur and Tajbakhsh, Nima and Liang, Jianming},
year = {2018},
month = {07},
pages = {},
title = {UNet++: A Nested U-Net Architecture for Medical Image Segmentation}
}

@article{Covid-19-Classification,
author = {Kusakunniran, Worapan and Borwarnginn, Punyanuch and Sutassananon, Krittanat and Tongdee, Trongtum and Saiviroonporn, Pairash and Karnjanapreechakorn, Sarattha and Siriapisith, Thanongchai},
year = {2021},
month = {01},
pages = {},
title = {COVID-19 detection and heatmap generation in chest x-ray images},
volume = {8},
journal = {Journal of Medical Imaging},
doi = {10.1117/1.JMI.8.S1.014001}
}

@article{JCS,
author = {Wu, Yu-Huan and Gao, Shanghua and Mei, Jie and Fan, Deng-Ping and Zhang, Rong-Guo and Cheng, Ming-Ming},
year = {2021},
month = {02},
pages = {3113 - 3126},
title = {JCS: An Explainable COVID-19 Diagnosis System by Joint Classification and Segmentation},
volume = {30},
journal = {IEEE Transactions on Image Processing},
doi = {10.1109/TIP.2021.3058783}
}

@InProceedings{Azad_2019_ICCV,
author = {Azad, Reza and Asadi-Aghbolaghi, Maryam and Fathy, Mahmood and Escalera, Sergio},
title = {Bi-Directional ConvLSTM U-Net with Densley Connected Convolutions},
booktitle = {Proceedings of the IEEE/CVF International Conference on Computer Vision (ICCV) Workshops},
month = {Oct},
year = {2019}
}

@ARTICLE{6529072,
  author={Márquez-Neila, Pablo and Baumela, Luis and Alvarez, Luis},
  journal={IEEE Transactions on Pattern Analysis and Machine Intelligence}, 
  title={A Morphological Approach to Curvature-Based Evolution of Curves and Surfaces}, 
  year={2014},
  volume={36},
  number={1},
  pages={2-17},
  doi={10.1109/TPAMI.2013.106}}
  
@article{caselles1997geodesic,
  title={Geodesic active contours},
  author={Caselles, Vicent and Kimmel, Ron and Sapiro, Guillermo},
  journal={International journal of computer vision},
  volume={22},
  number={1},
  pages={61--79},
  year={1997},
  publisher={Springer}
}

@dataset{ma_jun_2020_3757477,
  author       = {An P and
                  Xu S and
                  Harmon SA and
                  Turkbey EB and 
                  Sanford TH and
                  Amalou A and
                  Kassin M and
                  Varble N and
                  Blain M and
                  Anderson V and
                  Patella F and
                  Carrafiello G and
                  Turkbey BT and
                  Wood BJ},
  title        = {CT Images in Covid-19 [Data set].},
  year         = 2020,
  publisher    = {The Cancer Imaging Archive.},
  version      = {Verson 1.0},
  doi          = {10.7937/tcia.2020.gqry-nc81},
  url          = {https://doi.org/10.7937/tcia.2020.gqry-nc81}
}

@article{prokop2020co,
  title={CO-RADS: a categorical CT assessment scheme for patients suspected of having COVID-19—definition and evaluation},
  author={Prokop, Mathias and Van Everdingen, Wouter and van Rees Vellinga, Tjalco and Quarles van Ufford, Henri{\"e}tte and St{\"o}ger, Lauran and Beenen, Ludo and Geurts, Bram and Gietema, Hester and Krdzalic, Jasenko and Schaefer-Prokop, Cornelia and others},
  journal={Radiology},
  volume={296},
  number={2},
  pages={E97--E104},
  year={2020},
  publisher={Radiological Society of North America}
}

@article{yang2020chest,
  title={Chest CT severity score: an imaging tool for assessing severe COVID-19},
  author={Yang, Ran and Li, Xiang and Liu, Huan and Zhen, Yanling and Zhang, Xianxiang and Xiong, Qiuxia and Luo, Yong and Gao, Cailiang and Zeng, Wenbing},
  journal={Radiology: Cardiothoracic Imaging},
  volume={2},
  number={2},
  pages={e200047},
  year={2020},
  publisher={Radiological Society of North America}
}

@article{parekh2020review, 
    title={Review of the chest CT differential diagnosis of ground-glass opacities in the COVID era}, author={Parekh, Maansi and Donuru, Achala and Balasubramanya, Rashmi and Kapur, Sangita}, 
    journal={Radiology}, 
    volume={297}, 
    number={3}, 
    pages={E289--E302}, 
    year={2020}, 
    publisher={Radiological Society of North America} 
}

@article{dynamicrouting,
  title={Dynamic Routing Between Capsules},
  author={Sara Sabour, Nicholas Frosst, and Geoffrey E Hinton},
  journal={Advances in Neural Information Processing Systems},
  pages={3859–-3869},
  year={2017},
}

@article{segcaps,
  title={Capsules for object segmentation},
  author={LaLonde, Rodney and Bagci, Ulas},
  journal={arXiv preprint arXiv:1804.04241},
  year={2018}
}

@dataset{coronacases-dataset,
  title        = {{COVID-19 CT scans}},
  url          = {https://www.kaggle.com/andrewmvd/covid19-ct-scans}
}

@dataset{covid-segmentation,
  title        = {{COVID-19 Lung CT Lesion Segmentation Challenge
  2020}},
  url          = {https://covid-segmentation.grand-challenge.org/}
}

@misc{coronacases,
title={Coronacases},
howpublished={https://coronacases.org},
urldate={27.1.2020}
}


@article{jun2020covid,
  title={COVID-19 CT lung and infection segmentation dataset},
  author={Jun, Ma and Cheng, Ge and Yixin, Wang and Xingle, An and Jiantao, Gao and Ziqi, Yu and Minqing, Zhang and Xin, Liu and Xueyuan, Deng and Shucheng, Cao and others},
  journal={Zenodo, Apr},
  volume={20},
  year={2020}
}

@article{roth2021rapid,
  title={Rapid Artificial Intelligence Solutions in a Pandemic-The COVID-19-20 Lung CT Lesion Segmentation Challenge},
  author={Roth, Holger and Xu, Ziyue and Diez, Carlos Tor and Jacob, Ramon Sanchez and Zember, Jonathan and Molto, Jose and Li, Wenqi and Xu, Sheng and Turkbey, Baris and Turkbey, Evrim and others},
  journal={Res Sq [Preprint]},
  year={2021}
}

@article{an2020ct,
  title={CT Images in Covid-19 [Data set]},
  author={An, P and Xu, S and Harmon, S and Turkbey, E and Sanford, T and Amalou, A and Kassin, M and Varble, N and Blain, M and Anderson, V and others},
  journal={The Cancer Imaging Archive},
  year={2020}
}

@article{clark2013cancer,
  title={The Cancer Imaging Archive (TCIA): maintaining and operating a public information repository},
  author={Clark, Kenneth and Vendt, Bruce and Smith, Kirk and Freymann, John and Kirby, Justin and Koppel, Paul and Moore, Stephen and Phillips, Stanley and Maffitt, David and Pringle, Michael and others},
  journal={Journal of digital imaging},
  volume={26},
  number={6},
  pages={1045--1057},
  year={2013},
  publisher={Springer}
}


@article{hadied2020interobserver,
  title={Interobserver and intraobserver variability in the CT assessment of COVID-19 based on RSNA consensus classification categories},
  author={Hadied, Mohamad O and Patel, Parth Y and Cormier, Peter and Poyiadji, Neo and Salman, Mariam and Klochko, Chad and Nadig, Jeffrey and Song, Thomas and Peterson, Ed and Reeser, Nick},
  journal={Academic radiology},
  volume={27},
  number={11},
  pages={1499--1506},
  year={2020},
  publisher={Elsevier}
}

@article{bellini2021diagnostic,
  title={Diagnostic accuracy and interobserver variability of CO-RADS in patients with suspected coronavirus disease-2019: a multireader validation study},
  author={Bellini, Davide and Panvini, Nicola and Rengo, Marco and Vicini, Simone and Lichtner, Miriam and Tieghi, Tiziana and Ippoliti, Dea and Giulio, Federica and Orlando, Elena and Iozzino, Mario and others},
  journal={European radiology},
  volume={31},
  number={4},
  pages={1932--1940},
  year={2021},
  publisher={Springer}
}

@article {Sinha2022.01.30.22269998,
	author = {Sinha, Abhishar and Joshi, Swati Purohit and Das, Purnendu Sekhar and Jana, Soumya and Sarkar, Rahuldeb},
	title = {An ML prediction model based on clinical parameters and automated CT scan features for COVID-19 patients},
	elocation-id = {2022.01.30.22269998},
	year = {2022},
	doi = {10.1101/2022.01.30.22269998},
	publisher = {Cold Spring Harbor Laboratory Press},
	URL = {https://www.medrxiv.org/content/early/2022/01/31/2022.01.30.22269998},
	eprint = {https://www.medrxiv.org/content/early/2022/01/31/2022.01.30.22269998.full.pdf},
	journal = {medRxiv}
}

@misc{ggo,
author = {Amini, B., Bell, D. },
  title = {Ground-glass opacification},
  howpublished = {\url{https://radiopaedia.org/articles/1404}},
  note = {Accessed: 2022-01-30},
  publisher = {Radiopaedia.org},
  doi={https://doi.org/10.53347/rID-1404},
  
}

@inproceedings{ronneberger2015u,
  title={U-net: Convolutional networks for biomedical image segmentation},
  author={Ronneberger, Olaf and Fischer, Philipp and Brox, Thomas},
  booktitle={International Conference on Medical image computing and computer-assisted intervention},
  pages={234--241},
  year={2015},
  organization={Springer}
}